%YAML 1.1
%TAG !u! tag:unity3d.com,2011:
--- !u!1 &1807974771776637763
GameObject:
  m_ObjectHideFlags: 0
  m_CorrespondingSourceObject: {fileID: 0}
  m_PrefabInstance: {fileID: 0}
  m_PrefabAsset: {fileID: 0}
  serializedVersion: 6
  m_Component:
  - component: {fileID: 1231881820658563983}
  - component: {fileID: 1554074725728036888}
  - component: {fileID: 8650543131018902184}
  - component: {fileID: 4209638866704786691}
  m_Layer: 0
  m_Name: Island 1
  m_TagString: Untagged
  m_Icon: {fileID: 0}
  m_NavMeshLayer: 0
  m_StaticEditorFlags: 0
  m_IsActive: 1
--- !u!4 &1231881820658563983
Transform:
  m_ObjectHideFlags: 0
  m_CorrespondingSourceObject: {fileID: 0}
  m_PrefabInstance: {fileID: 0}
  m_PrefabAsset: {fileID: 0}
  m_GameObject: {fileID: 1807974771776637763}
  m_LocalRotation: {x: -0, y: -0, z: -0, w: 1}
  m_LocalPosition: {x: 0, y: 0.269, z: -0.82}
  m_LocalScale: {x: 0.01, y: 0.01, z: 0.01}
  m_Children: []
  m_Father: {fileID: 7953947213234315116}
  m_RootOrder: 1
  m_LocalEulerAnglesHint: {x: 0, y: 0, z: 0}
--- !u!33 &1554074725728036888
MeshFilter:
  m_ObjectHideFlags: 0
  m_CorrespondingSourceObject: {fileID: 0}
  m_PrefabInstance: {fileID: 0}
  m_PrefabAsset: {fileID: 0}
  m_GameObject: {fileID: 1807974771776637763}
  m_Mesh: {fileID: 10202, guid: 0000000000000000e000000000000000, type: 0}
--- !u!23 &8650543131018902184
MeshRenderer:
  m_ObjectHideFlags: 0
  m_CorrespondingSourceObject: {fileID: 0}
  m_PrefabInstance: {fileID: 0}
  m_PrefabAsset: {fileID: 0}
  m_GameObject: {fileID: 1807974771776637763}
  m_Enabled: 1
  m_CastShadows: 1
  m_ReceiveShadows: 1
  m_DynamicOccludee: 1
  m_MotionVectors: 1
  m_LightProbeUsage: 1
  m_ReflectionProbeUsage: 1
  m_RenderingLayerMask: 1
  m_RendererPriority: 0
  m_Materials:
  - {fileID: 10303, guid: 0000000000000000f000000000000000, type: 0}
  m_StaticBatchInfo:
    firstSubMesh: 0
    subMeshCount: 0
  m_StaticBatchRoot: {fileID: 0}
  m_ProbeAnchor: {fileID: 0}
  m_LightProbeVolumeOverride: {fileID: 0}
  m_ScaleInLightmap: 1
  m_PreserveUVs: 0
  m_IgnoreNormalsForChartDetection: 0
  m_ImportantGI: 0
  m_StitchLightmapSeams: 1
  m_SelectedEditorRenderState: 3
  m_MinimumChartSize: 4
  m_AutoUVMaxDistance: 0.5
  m_AutoUVMaxAngle: 89
  m_LightmapParameters: {fileID: 0}
  m_SortingLayerID: 0
  m_SortingLayer: 0
  m_SortingOrder: 0
--- !u!65 &4209638866704786691
BoxCollider:
  m_ObjectHideFlags: 0
  m_CorrespondingSourceObject: {fileID: 0}
  m_PrefabInstance: {fileID: 0}
  m_PrefabAsset: {fileID: 0}
  m_GameObject: {fileID: 1807974771776637763}
  m_Material: {fileID: 0}
  m_IsTrigger: 0
  m_Enabled: 1
  serializedVersion: 2
  m_Size: {x: 1, y: 1, z: 1}
  m_Center: {x: 0, y: 0, z: 0}
--- !u!1 &3473152285749470889
GameObject:
  m_ObjectHideFlags: 0
  m_CorrespondingSourceObject: {fileID: 0}
  m_PrefabInstance: {fileID: 0}
  m_PrefabAsset: {fileID: 0}
  serializedVersion: 6
  m_Component:
  - component: {fileID: 3476344013864714544}
  - component: {fileID: 7458342002931737470}
  - component: {fileID: 7044050447451278406}
  - component: {fileID: 8177297039976321495}
  m_Layer: 0
  m_Name: Island 2
  m_TagString: Untagged
  m_Icon: {fileID: 0}
  m_NavMeshLayer: 0
  m_StaticEditorFlags: 0
  m_IsActive: 1
--- !u!4 &3476344013864714544
Transform:
  m_ObjectHideFlags: 0
  m_CorrespondingSourceObject: {fileID: 0}
  m_PrefabInstance: {fileID: 0}
  m_PrefabAsset: {fileID: 0}
  m_GameObject: {fileID: 3473152285749470889}
  m_LocalRotation: {x: -0, y: -0, z: -0, w: 1}
  m_LocalPosition: {x: 0, y: 0.269, z: 0.82}
  m_LocalScale: {x: 0.01, y: 0.01, z: 0.01}
  m_Children: []
  m_Father: {fileID: 7953947213234315116}
  m_RootOrder: 3
  m_LocalEulerAnglesHint: {x: 0, y: 0, z: 0}
--- !u!33 &7458342002931737470
MeshFilter:
  m_ObjectHideFlags: 0
  m_CorrespondingSourceObject: {fileID: 0}
  m_PrefabInstance: {fileID: 0}
  m_PrefabAsset: {fileID: 0}
  m_GameObject: {fileID: 3473152285749470889}
  m_Mesh: {fileID: 10202, guid: 0000000000000000e000000000000000, type: 0}
--- !u!23 &7044050447451278406
MeshRenderer:
  m_ObjectHideFlags: 0
  m_CorrespondingSourceObject: {fileID: 0}
  m_PrefabInstance: {fileID: 0}
  m_PrefabAsset: {fileID: 0}
  m_GameObject: {fileID: 3473152285749470889}
  m_Enabled: 1
  m_CastShadows: 1
  m_ReceiveShadows: 1
  m_DynamicOccludee: 1
  m_MotionVectors: 1
  m_LightProbeUsage: 1
  m_ReflectionProbeUsage: 1
  m_RenderingLayerMask: 1
  m_RendererPriority: 0
  m_Materials:
  - {fileID: 10303, guid: 0000000000000000f000000000000000, type: 0}
  m_StaticBatchInfo:
    firstSubMesh: 0
    subMeshCount: 0
  m_StaticBatchRoot: {fileID: 0}
  m_ProbeAnchor: {fileID: 0}
  m_LightProbeVolumeOverride: {fileID: 0}
  m_ScaleInLightmap: 1
  m_PreserveUVs: 0
  m_IgnoreNormalsForChartDetection: 0
  m_ImportantGI: 0
  m_StitchLightmapSeams: 1
  m_SelectedEditorRenderState: 3
  m_MinimumChartSize: 4
  m_AutoUVMaxDistance: 0.5
  m_AutoUVMaxAngle: 89
  m_LightmapParameters: {fileID: 0}
  m_SortingLayerID: 0
  m_SortingLayer: 0
  m_SortingOrder: 0
--- !u!65 &8177297039976321495
BoxCollider:
  m_ObjectHideFlags: 0
  m_CorrespondingSourceObject: {fileID: 0}
  m_PrefabInstance: {fileID: 0}
  m_PrefabAsset: {fileID: 0}
  m_GameObject: {fileID: 3473152285749470889}
  m_Material: {fileID: 0}
  m_IsTrigger: 0
  m_Enabled: 1
  serializedVersion: 2
  m_Size: {x: 1, y: 1, z: 1}
  m_Center: {x: 0, y: 0, z: 0}
--- !u!1 &7764570876692124732
GameObject:
  m_ObjectHideFlags: 0
  m_CorrespondingSourceObject: {fileID: 0}
  m_PrefabInstance: {fileID: 0}
  m_PrefabAsset: {fileID: 0}
  serializedVersion: 6
  m_Component:
  - component: {fileID: 7953947213234315116}
  - component: {fileID: 1491520093148798530}
  m_Layer: 0
  m_Name: WorldAnchor
  m_TagString: Untagged
  m_Icon: {fileID: 0}
  m_NavMeshLayer: 0
  m_StaticEditorFlags: 0
  m_IsActive: 1
--- !u!4 &7953947213234315116
Transform:
  m_ObjectHideFlags: 0
  m_CorrespondingSourceObject: {fileID: 0}
  m_PrefabInstance: {fileID: 0}
  m_PrefabAsset: {fileID: 0}
  m_GameObject: {fileID: 7764570876692124732}
  m_LocalRotation: {x: 0, y: 0, z: 0, w: 1}
  m_LocalPosition: {x: 0, y: 0, z: 0}
  m_LocalScale: {x: 1, y: 1, z: 1}
  m_Children:
  - {fileID: 4963525285332363346}
  - {fileID: 1231881820658563983}
  - {fileID: 3708848980190933651}
  - {fileID: 3476344013864714544}
  - {fileID: 3596223542961462579}
  m_Father: {fileID: 0}
  m_RootOrder: 0
  m_LocalEulerAnglesHint: {x: 0, y: 0, z: 0}
--- !u!114 &1491520093148798530
MonoBehaviour:
  m_ObjectHideFlags: 0
  m_CorrespondingSourceObject: {fileID: 0}
  m_PrefabInstance: {fileID: 0}
  m_PrefabAsset: {fileID: 0}
  m_GameObject: {fileID: 7764570876692124732}
  m_Enabled: 1
  m_EditorHideFlags: 0
  m_Script: {fileID: 11500000, guid: 941b2ad5fc0030f4fbeff827f7182d6f, type: 3}
  m_Name: 
  m_EditorClassIdentifier: 
  Island1Transform: {fileID: 1231881820658563983}
  Island2Transform: {fileID: 3476344013864714544}
--- !u!1001 &3061542690948598170
PrefabInstance:
  m_ObjectHideFlags: 0
  serializedVersion: 2
  m_Modification:
    m_TransformParent: {fileID: 7953947213234315116}
    m_Modifications:
    - target: {fileID: 1802762168491768584, guid: fdbbec651c3a17240a021b577bb0eaed,
        type: 3}
      propertyPath: m_Name
      value: Island 2
      objectReference: {fileID: 0}
    - target: {fileID: 1802762168491768585, guid: fdbbec651c3a17240a021b577bb0eaed,
        type: 3}
      propertyPath: m_LocalPosition.x
      value: 0
      objectReference: {fileID: 0}
    - target: {fileID: 1802762168491768585, guid: fdbbec651c3a17240a021b577bb0eaed,
        type: 3}
      propertyPath: m_LocalPosition.y
      value: 0.2
      objectReference: {fileID: 0}
    - target: {fileID: 1802762168491768585, guid: fdbbec651c3a17240a021b577bb0eaed,
        type: 3}
      propertyPath: m_LocalPosition.z
      value: 0.832
      objectReference: {fileID: 0}
    - target: {fileID: 1802762168491768585, guid: fdbbec651c3a17240a021b577bb0eaed,
        type: 3}
      propertyPath: m_LocalRotation.x
      value: 0
      objectReference: {fileID: 0}
    - target: {fileID: 1802762168491768585, guid: fdbbec651c3a17240a021b577bb0eaed,
        type: 3}
      propertyPath: m_LocalRotation.y
      value: 0.99998033
      objectReference: {fileID: 0}
    - target: {fileID: 1802762168491768585, guid: fdbbec651c3a17240a021b577bb0eaed,
        type: 3}
      propertyPath: m_LocalRotation.z
      value: 0
      objectReference: {fileID: 0}
    - target: {fileID: 1802762168491768585, guid: fdbbec651c3a17240a021b577bb0eaed,
        type: 3}
      propertyPath: m_LocalRotation.w
      value: 0.0062832497
      objectReference: {fileID: 0}
    - target: {fileID: 1802762168491768585, guid: fdbbec651c3a17240a021b577bb0eaed,
        type: 3}
      propertyPath: m_RootOrder
      value: 2
      objectReference: {fileID: 0}
    - target: {fileID: 1802762168491768585, guid: fdbbec651c3a17240a021b577bb0eaed,
        type: 3}
      propertyPath: m_LocalEulerAnglesHint.x
      value: 0
      objectReference: {fileID: 0}
    - target: {fileID: 1802762168491768585, guid: fdbbec651c3a17240a021b577bb0eaed,
        type: 3}
      propertyPath: m_LocalEulerAnglesHint.y
      value: 179.28
      objectReference: {fileID: 0}
    - target: {fileID: 1802762168491768585, guid: fdbbec651c3a17240a021b577bb0eaed,
        type: 3}
      propertyPath: m_LocalEulerAnglesHint.z
      value: 0
      objectReference: {fileID: 0}
    - target: {fileID: 1802762168491768585, guid: fdbbec651c3a17240a021b577bb0eaed,
        type: 3}
      propertyPath: m_LocalScale.x
      value: 0.01
      objectReference: {fileID: 0}
    - target: {fileID: 1802762168491768585, guid: fdbbec651c3a17240a021b577bb0eaed,
        type: 3}
      propertyPath: m_LocalScale.y
      value: 0.01
      objectReference: {fileID: 0}
    - target: {fileID: 1802762168491768585, guid: fdbbec651c3a17240a021b577bb0eaed,
        type: 3}
      propertyPath: m_LocalScale.z
      value: 0.01
      objectReference: {fileID: 0}
    m_RemovedComponents: []
  m_SourcePrefab: {fileID: 100100000, guid: fdbbec651c3a17240a021b577bb0eaed, type: 3}
--- !u!4 &3708848980190933651 stripped
Transform:
  m_CorrespondingSourceObject: {fileID: 1802762168491768585, guid: fdbbec651c3a17240a021b577bb0eaed,
    type: 3}
  m_PrefabInstance: {fileID: 3061542690948598170}
  m_PrefabAsset: {fileID: 0}
--- !u!1001 &3596223542961326003
PrefabInstance:
  m_ObjectHideFlags: 0
  serializedVersion: 2
  m_Modification:
    m_TransformParent: {fileID: 7953947213234315116}
    m_Modifications:
    - target: {fileID: 100000, guid: 234387a0094434347b222b785d76bfec, type: 3}
      propertyPath: m_Name
      value: Anchor (1)
      objectReference: {fileID: 0}
    - target: {fileID: 400000, guid: 234387a0094434347b222b785d76bfec, type: 3}
      propertyPath: m_LocalPosition.x
      value: 0
      objectReference: {fileID: 0}
    - target: {fileID: 400000, guid: 234387a0094434347b222b785d76bfec, type: 3}
      propertyPath: m_LocalPosition.y
      value: 0
      objectReference: {fileID: 0}
    - target: {fileID: 400000, guid: 234387a0094434347b222b785d76bfec, type: 3}
      propertyPath: m_LocalPosition.z
      value: 0
      objectReference: {fileID: 0}
    - target: {fileID: 400000, guid: 234387a0094434347b222b785d76bfec, type: 3}
      propertyPath: m_LocalRotation.x
      value: -0
      objectReference: {fileID: 0}
    - target: {fileID: 400000, guid: 234387a0094434347b222b785d76bfec, type: 3}
      propertyPath: m_LocalRotation.y
      value: -0
      objectReference: {fileID: 0}
    - target: {fileID: 400000, guid: 234387a0094434347b222b785d76bfec, type: 3}
      propertyPath: m_LocalRotation.z
      value: -0
      objectReference: {fileID: 0}
    - target: {fileID: 400000, guid: 234387a0094434347b222b785d76bfec, type: 3}
      propertyPath: m_LocalRotation.w
      value: 1
      objectReference: {fileID: 0}
    - target: {fileID: 400000, guid: 234387a0094434347b222b785d76bfec, type: 3}
      propertyPath: m_RootOrder
      value: 4
      objectReference: {fileID: 0}
    - target: {fileID: 400000, guid: 234387a0094434347b222b785d76bfec, type: 3}
      propertyPath: m_LocalEulerAnglesHint.x
      value: 0
      objectReference: {fileID: 0}
    - target: {fileID: 400000, guid: 234387a0094434347b222b785d76bfec, type: 3}
      propertyPath: m_LocalEulerAnglesHint.y
      value: 0
      objectReference: {fileID: 0}
    - target: {fileID: 400000, guid: 234387a0094434347b222b785d76bfec, type: 3}
      propertyPath: m_LocalEulerAnglesHint.z
      value: 0
      objectReference: {fileID: 0}
    - target: {fileID: 400000, guid: 234387a0094434347b222b785d76bfec, type: 3}
      propertyPath: m_LocalScale.x
      value: 0.03
      objectReference: {fileID: 0}
    - target: {fileID: 400000, guid: 234387a0094434347b222b785d76bfec, type: 3}
      propertyPath: m_LocalScale.y
      value: 0.03
      objectReference: {fileID: 0}
    - target: {fileID: 400000, guid: 234387a0094434347b222b785d76bfec, type: 3}
      propertyPath: m_LocalScale.z
      value: 0.03
      objectReference: {fileID: 0}
    m_RemovedComponents: []
  m_SourcePrefab: {fileID: 100100000, guid: 234387a0094434347b222b785d76bfec, type: 3}
--- !u!4 &3596223542961462579 stripped
Transform:
  m_CorrespondingSourceObject: {fileID: 400000, guid: 234387a0094434347b222b785d76bfec,
    type: 3}
  m_PrefabInstance: {fileID: 3596223542961326003}
  m_PrefabAsset: {fileID: 0}
--- !u!1001 &6765894652979663707
PrefabInstance:
  m_ObjectHideFlags: 0
  serializedVersion: 2
  m_Modification:
    m_TransformParent: {fileID: 7953947213234315116}
    m_Modifications:
    - target: {fileID: 1802762168491768584, guid: fdbbec651c3a17240a021b577bb0eaed,
        type: 3}
      propertyPath: m_Name
      value: Island 1
      objectReference: {fileID: 0}
    - target: {fileID: 1802762168491768585, guid: fdbbec651c3a17240a021b577bb0eaed,
        type: 3}
      propertyPath: m_LocalPosition.x
      value: 0
      objectReference: {fileID: 0}
    - target: {fileID: 1802762168491768585, guid: fdbbec651c3a17240a021b577bb0eaed,
        type: 3}
      propertyPath: m_LocalPosition.y
      value: 0.2
      objectReference: {fileID: 0}
    - target: {fileID: 1802762168491768585, guid: fdbbec651c3a17240a021b577bb0eaed,
        type: 3}
      propertyPath: m_LocalPosition.z
      value: -0.82
      objectReference: {fileID: 0}
    - target: {fileID: 1802762168491768585, guid: fdbbec651c3a17240a021b577bb0eaed,
        type: 3}
      propertyPath: m_LocalRotation.x
      value: 0
      objectReference: {fileID: 0}
    - target: {fileID: 1802762168491768585, guid: fdbbec651c3a17240a021b577bb0eaed,
        type: 3}
      propertyPath: m_LocalRotation.y
      value: 0
      objectReference: {fileID: 0}
    - target: {fileID: 1802762168491768585, guid: fdbbec651c3a17240a021b577bb0eaed,
        type: 3}
      propertyPath: m_LocalRotation.z
      value: 0
      objectReference: {fileID: 0}
    - target: {fileID: 1802762168491768585, guid: fdbbec651c3a17240a021b577bb0eaed,
        type: 3}
      propertyPath: m_LocalRotation.w
      value: 1
      objectReference: {fileID: 0}
    - target: {fileID: 1802762168491768585, guid: fdbbec651c3a17240a021b577bb0eaed,
        type: 3}
      propertyPath: m_RootOrder
      value: 0
      objectReference: {fileID: 0}
    - target: {fileID: 1802762168491768585, guid: fdbbec651c3a17240a021b577bb0eaed,
        type: 3}
      propertyPath: m_LocalEulerAnglesHint.x
      value: 0
      objectReference: {fileID: 0}
    - target: {fileID: 1802762168491768585, guid: fdbbec651c3a17240a021b577bb0eaed,
        type: 3}
      propertyPath: m_LocalEulerAnglesHint.y
      value: 0
      objectReference: {fileID: 0}
    - target: {fileID: 1802762168491768585, guid: fdbbec651c3a17240a021b577bb0eaed,
        type: 3}
      propertyPath: m_LocalEulerAnglesHint.z
      value: 0
      objectReference: {fileID: 0}
    - target: {fileID: 1802762168491768585, guid: fdbbec651c3a17240a021b577bb0eaed,
        type: 3}
      propertyPath: m_LocalScale.x
      value: 0.01
      objectReference: {fileID: 0}
    - target: {fileID: 1802762168491768585, guid: fdbbec651c3a17240a021b577bb0eaed,
        type: 3}
      propertyPath: m_LocalScale.y
      value: 0.01
      objectReference: {fileID: 0}
    - target: {fileID: 1802762168491768585, guid: fdbbec651c3a17240a021b577bb0eaed,
        type: 3}
      propertyPath: m_LocalScale.z
      value: 0.01
      objectReference: {fileID: 0}
    m_RemovedComponents: []
  m_SourcePrefab: {fileID: 100100000, guid: fdbbec651c3a17240a021b577bb0eaed, type: 3}
--- !u!4 &4963525285332363346 stripped
Transform:
  m_CorrespondingSourceObject: {fileID: 1802762168491768585, guid: fdbbec651c3a17240a021b577bb0eaed,
    type: 3}
  m_PrefabInstance: {fileID: 6765894652979663707}
  m_PrefabAsset: {fileID: 0}
